%%%%%%%%%%%%%%%%%%%%%%
%%%    BÃ¼cher    %%%%%
%%%%%%%%%%%%%%%%%%%%%%


%%%%%%%%%%%%%%%%%%%%%%%%
%Normen und Richtlinien%
%%%%%%%%%%%%%%%%%%%%%%%%


%%%%%%%%%%%%%%%%%%%%%%%%%%%
%Artikel und Publikationen%
%%%%%%%%%%%%%%%%%%%%%%%%%%%

@misc{AnninaHering.2020,
 author = {{Annina Hering}},
 year = {2020},
 title = {Coronavirus und Stellenausschreibungen: Daten von Indeed},
 url = {https://crosswater-job-guide.com/archives/78984/coronavirus-und-stellenausschreibungen-daten-von-indeed/},
 urldate = {0431.08.2020}
}


@book{Bauer.2000,
 author = {Bauer, Hans H. and Leach, Mark and Sandner, Eva},
 year = {2000},
 title = {Personalakquisition im Zeitalter des Internet: Surviving the online war for talent},
 url = {https://madoc.bib.uni-mannheim.de/11419/1/M045_Personalaquisition%20im%20Zeitalter%20des%20Internet.pdf},
 address = {Mannheim},
 urldate = {30.07.2020},
 volume = {Nr. M45},
 publisher = {IMU},
 isbn = {3-89333-220-0},
 series = {Reihe: Management-Know-how},
 file = {http://www.worldcat.org/oclc/76298755},
 file = {6de33906-dc4b-4628-9fbd-8041ed866701:C\:\\Users\\Anginator\\AppData\\Local\\Swiss Academic Software\\Citavi 6\\ProjectCache\\c8bbc907-45cd-4ebc-94a2-0fa29b38676a\\Remote Attachments\\6de33906-dc4b-4628-9fbd-8041ed866701.pdf:pdf}
}


@misc{FreeSoftwareFoundationInc..18.11.201606:31:41,
 author = "Free Software Foundation",
 year = "07.09.2020 11:25:40",
 title = "Licenses",
 url = "https://www.gnu.org/licenses/licenses.en.html",
 urldate = "05.08.2020"
}


@book{Rau.2013,
 abstract = {Die Extension-Entwicklung ist eine zentrale Aufgabe von TYPO3-Programmierern, kaum eine TYPO3-Installation kommt ohne zus{\"a}tzliche Erweiterungen des Systems aus. Seit TYPO3 v4.3 bietet das CMS ein eigenes Framework und eine Template-Engine, mit der die Extension-Entwicklung noch geschmeidiger wird - und das bei hoher Qualit{\"a}t des Codes. Mit Extbase und Fluid stehen zwei Tools zur Verf{\"u}gung, die Sie darin unterst{\"u}tzen, saubere, modular gekapselte und zukunftssichere Extensions zu schreiben, die auch zu TYPO3 Neos bzw. TYPO3 FLOW portiert werden k{\"o}nnen. Dieses Buch beschreibt die Programmierkonzepte der Extension-Werkzeuge, zeigt aber auch ausf{\"u}hrlich deren Einsatz in der Praxis. Dabei stammen alle Informationen aus erster Hand, denn die Autoren sind TYPO3-Experten, sie gew{\"a}hrleisten die zuverl{\"a}ssige Vermittlung aller Techniken, Details und Tricks. F{\"u}r diese 2. Auflage wurde das Buch vollst{\"a}ndig aktualisiert und deckt jetzt die TYPO3 CMS-Version 6.2 ab.},
 author = {Rau, Jochen and Kurf{\"u}rst, Sebastian and Helmich, Martin},
 year = {2013},
 title = {Zukunftssichere TYPO3-Extensions mit Extbase und Fluid},
 publisher = {{O'Reilly Verlag}},
 isbn = {9783955614713},
 file = {http://www.worldcat.org/oclc/969027750}
}


@misc{ThePHPGroup.06.08.2020,
 author = {{The PHP Group}},
 year = {06.08.2020},
 title = {PHP},
 url = {https://www.php.net/},
 urldate = {06.08.2020}
}


@misc{TYPO3Association.,
 author = {{TYPO3 Association}},
 title = {Why use TYPO3? - Because TYPO3 is the CMS for you!},
 url = {https://typo3.com/about-typo3/why-typo3-cms},
 urldate = {05.08.2020}
}


@misc{TYPO3Association.2020,
 author = {{TYPO3 Association}},
 year = {2020},
 title = {Developing TYPO3 Extensions with Extbase and Fluid: Basic Design Principles},
 url = {https://docs.typo3.org/m/typo3/book-extbasefluid/master/en-us/2-BasicPrinciples/Index.html},
 urldate = {31.08.2020}
}


@misc{TYPO3Association.22.10.201920:15,
 author = {{TYPO3 Association}},
 year = {22.10.2019 20:15},
 title = {Developing TYPO3 Extensions with Extbase and Fluid: Model-View-Controller in Extbase},
 url = {https://docs.typo3.org/m/typo3/book-extbasefluid/master/en-us/2-BasicPrinciples/1-Model-View-Controller-in-Extbase.html},
 urldate = {31.08.2020}
}


@misc{w3schools.,
 author = {w3schools},
 title = {Java - What is OOP?},
 url = {https://www.w3schools.com/java/java_oop.asp},
 urldate = {06.08.2020}
}


@misc{w3schools.b,
 author = {w3schools},
 title = {PHP Introduction},
 url = {https://www.w3schools.com/php/php_intro.asp},
 urldate = {14.08.2020}
}


@book{Zschau.2002,
 author = {Zschau, O. and Traub, D. and Zahradka, R.},
 year = {2002},
 title = {Web Content Management. Websites professionell planen und betreiben. 2., {\"u}berarb. und erw. Aufl},
 address = {Bonn},
 publisher = {{Galileo Press}},
 isbn = {3898421570},
 series = {Galileo Business},
 file = {b3197370-8965-4789-8b14-f44fc34bc4ef:C\:\\Users\\Anginator\\AppData\\Local\\Swiss Academic Software\\Citavi 6\\ProjectCache\\c8bbc907-45cd-4ebc-94a2-0fa29b38676a\\Remote Attachments\\b3197370-8965-4789-8b14-f44fc34bc4ef.pdf:pdf}
}











