%%%%%%%%%%%%%%%%%%%%%%
%%%    Bücher    %%%%%
%%%%%%%%%%%%%%%%%%%%%%
@book{altanai2014,
    author     = "Bisht, Altanai",
    title      = "WebRTC Integrator's Guide",
    publisher  = "Packt Publishing",
    ?_volume   = "",
    ?_number   = "",
    ?_series   = "",
    ?_address  = "Livery Place 35 Livery Street Birmingham B3 2PB, UK.",
    ?_edition  = "",
    year       = "2014",
    month      = "August",
    ?_note     = "",
    ISBN 	   = "978-1-78398-126-7",
}

@book{bura2012,
	author = "Bura, Juriy",
	title = "Pro Android Web Game Apps",
	subtitle = "Using HTML5, CSS3, and JavaScript",
	ISBN = "978-1-4302-3820-1",
	publisher = "Apress",
	year = "2012",
	pages = "477-478",
	chapter = "12",
}

@book{silveira2015,
	author = "Silveira, Rodrigo",
	title = "Multiplayer Game Development with HTML5",
	subtitle = "Build fully-featured, highly interactive multiplayer games with HTML5",
	ISBN = "978-1-78528-310-9",
	publisher = "Packt",
	year = "2015",
}

@book{loreto2014,
	author = "Loreto, Salvatore and Romano, Simon Pietro",
	title = "Real-Time Communication with WebRTC",
	subtitle = "Peer-To-Peer in the Browser",
	publisher = "O’Reilly Media",
	year = "2014",
	month = "Mai",
	ISBN = "978-1-449-37187-6"
}

@book{baun,
	author = "Baun, Christian",
	title = "Computernetze kompakt",
	subtitle = "Eine an der Praxis orientierte Einführung für Studium und Berufspraxis",
	edition = "5",
	publisher = "Springer Vieweg",
	year = "2019",
	ISBN = "978-3-662-59896-2",
	ISSN = "2195-3651",
}

@misc{adobep2p,
	author = "Krcha, Tom",
	title = "Using peer-to-peer applications on the Adobe Flash Platform",
	year = "2009",
	month = "November",
	howpublished = "\url{https://www.adobe.com/devnet/adobe-media-server/articles/p2p_apps_cirrus_lccs.html}",
	note = "Abgerufen: 07.05.2021",
}

@misc{jocly2013,
      title        = "Jocly and WebRTC: An Interview With Michel Gutierrez",
      author       = "Levent-Levi, Tsahi",
      howpublished = "\url{https://bloggeek.me/jocly-webrtc-interview/}",
      year         = "2013",
      note         = "Abgerufen: 01.04.2021",
}

@misc{humblenet,
      title        = "Introducing HumbleNet: a cross-platform networking library that works in the browser",
      author       = "Rudd, Edward and Vrignaud, Andre",
      howpublished = "\url{https://hacks.mozilla.org/2017/06/introducing-humblenet-a-cross-platform-networking-library-that-works-in-the-browser/}",
      year         = "2017",
      note         = "Abgerufen: 01.04.2021",
}

@misc{seedrandom,
    author = "Bau, David",
	title = "Random Seeds, Coded Hints, and Quintillions",
	year = "2010",
	month = "Januar",
	howpublished = "\url{http://davidbau.com/archives/2010/01/30/random_seeds_coded_hints_and_quintillions.html#more}",
	note = "Abgerufen: 29.04.2021",
}

@misc{BGMarket,
	title = "Global Browser Games Market 2020-2030: COVID-19 Implications and Growth - ResearchAndMarkets.com",
	year = "2020",
	month = "Mai",
	howpublished = "\url{https://www.businesswire.com/news/home/20200513005313/en/Global-Browser-Games-Market-2020-2030-COVID-19-Implications-and-Growth---ResearchAndMarkets.com}",
	note = "Abgerufen: 17.04.2021",
}

@techreport{adobeRFC,
   author = "Thornburgh, Michael C.",
   title = "Adobe's Secure Real-Time Media Flow Protocol",
   howpublished = "Internet Requests for Comments",
   type = "RFC",
   number = "7016",
   year = "2013",
   month = "November",
   ISSN = "2070-1721",
   publisher = "Internet Engineering Task Force",
   institution = "Internet Engineering Task Force",
   url="https://tools.ietf.org/html/rfc7016",
   note = "Abgerufen: 08.04.2021",
}

@techreport{websocketRFC,
   author = "Ian Fette and Alexey Melnikov",
   title = "The WebSocket Protocol",
   howpublished = "Internet Requests for Comments",
   type = "RFC",
   number = "6455",
   year = "2011",
   month = "Dezember",
   ISSN = "2070-1721",
   publisher = "Internet Engineering Task Force",
   institution = "Internet Engineering Task Force",
   url="https://tools.ietf.org/html/rfc6455",
   note = "Abgerufen: 08.04.2021",
}

@article{rng,
   author = "Awerbuch, Baruch and Scheideler, Christian",
   title = "Robust random number generation for peer-to-peer systems",
   journal = "Theoretical Computer Science",
   volume = "410",
   number = "6--7",
   pages = "453--466",
   publisher = "Apress",
   year = "2009",
   month = "Februar",
}

@techreport{sctpRFC,
   author = "Randall R. Stewart",
   title = "Stream Control Transmission Protocol",
   howpublished = "Internet Requests for Comments",
   type = "RFC",
   number = "4960",
   year = "2007",
   month = "Dezember",
   publisher = "Internet Engineering Task Force",
   institution = "Internet Engineering Task Force",
   url="https://tools.ietf.org/html/rfc4960",
   note = "Abgerufen: 11.04.2021",
}

@techreport{natproblemsRFC,
   author = "Matt Holdrege and Pyda Srisuresh",
   title = "Protocol Complications with the IP Network Address Translator",
   howpublished = "Internet Requests for Comments",
   type = "RFC",
   number = "3027",
   year = "2001",
   month = "Januar",
   publisher = "Internet Engineering Task Force",
   institution = "The Internet Society",
   url="https://tools.ietf.org/html/rfc3027",
   note = "Abgerufen: 11.04.2021",
}

@techreport{stunRFC,
   author = "Petit-Huguenin, Marc and Rosenberg, Jonathan and Wing, Dan and Mahy, Rohan and Matthews, Philip",
   title = "Session Traversal Utilities for NAT (STUN)",
   howpublished = "Internet Requests for Comments",
   type = "RFC",
   year = "2020",
   month = "Februar",
   ISSN = "2070-1721",
   publisher = "Internet Engineering Task Force",
   url="https://tools.ietf.org/html/rfc8489",
   note = "Abgerufen: 06.05.2021",
}

@techreport{turnrestRFC,
   author = "Justin Uberti",
   title = "A REST API For Access To TURN Services",
   type = "Internet-Draft",
   year = "2013",
   month = "Juli",
   publisher = "Internet Engineering Task Force",
   institution = "Network Working Group",
   url="https://tools.ietf.org/html/draft-uberti-behave-turn-rest-00",
   note = "Abgerufen: 28.04.2021",
}

@techreport{rtcsecurity,
   author = "Rescorla, Eric",
   title = "WebRTC Security Architecture",
   type = "Internet-Draft",
   year = "2019",
   month = "Juli",
   publisher = "Internet Engineering Task Force",
   url="https://tools.ietf.org/html/draft-ietf-rtcweb-security-arch-20",
   note = "Abgerufen: 06.05.2021",
}

@misc{rtcpeerconnection,
   title = "RTCPeerConnection",
   publisher = "Mozilla Development Network",
   howpublished="\url{https://developer.mozilla.org/en-US/docs/Web/API/RTCPeerConnection}",
   note = "Abgerufen: 10.04.2021",
}

@misc{rtcdatachannel,
   title = "RTCDataChannel",
   publisher = "Mozilla Development Network",
   howpublished="\url{https://developer.mozilla.org/en-US/docs/Web/API/RTCDataChannel}",
   note = "Abgerufen: 10.04.2021",
}

@misc{webRTCWorkingGroup,
   title = "Web Real-Time Communications Working Group - Participants",
   howpublished = "\url{https://www.w3.org/groups/wg/webrtc/participants}",
   author = "o.A",
   note = "Abgerufen: 10.04.2021",
   institution = "World Wide Web Consortium",
}

@article{realtimeapp,
   author = "Ilan\textunderscore r\textunderscore r",
   title = "Definition Echtzeitanwendung",
   subtitle = "Was ist eine Real-time Application?",
   year = "2019",
   month = "Februar",
   howpublished = "\url{https://www.dev-insider.de/was-ist-eine-real-time-application-a-791615/}",
   note = "Abgerufen 10.04.2021",
}

@article{p2pchallenges,
   author = "Neumann, Cristoph and Prigent, Nicolas and Varvello, Matteo and Suh, Kyoungwon",
   title = "Challenges in Peer-to-Peer Gaming",
   journal = "ACM SIGCOMM Computer Communication Review",
   publisher = "Apress",
   year = "2007",
   month = "Januar",
}

@misc{multihoming, 
   author = "Dimitrov, Tsvetomir",
   title = "Multi-homing in SCTP",
   year = "2016",
   month = "April",
   howpublished = "\url{https://dzone.com/articles/multi-homing-in-sctp}",
   note = "Abgerufen 10.04.2021",
}

@misc{authservermodel, 
   author = "Gambetta, Gabriel",
   title = "Fast-Paced Multiplayer (Part I): Client-Server Game Architecture",
   howpublished = "\url{https://www.gabrielgambetta.com/client-server-game-architecture.html}",
   note = "Abgerufen 21.04.2021",
}

@misc{threedice,
   author = "Munafo, Robert",
   title = "Lucas Garron's Three Indistinguishable Dice Problem",
   howpublished = "\url{https://mrob.com/pub/math/garron-3dice-problem.html}",
   note = "Abgerufen 30.04.2021",
}


%%%%%%%%%%%%%%%%%%%%%%%%
%    Documentations    %
%%%%%%%%%%%%%%%%%%%%%%%%
@misc{exp,
   title = "Express/Node Introduction",
   note = {\textit{\url{https://developer.mozilla.org/en-US/docs/Learn/Server-side/Express_Nodejs/Introduction}}, Abgerufen 28.04.2021},
}

@misc{pm2,
   title = "PM2 Documentation",
   note = {\textit{\url{https://pm2.keymetrics.io/docs/usage/pm2-doc-single-page/}}, Abgerufen 14.05.2021},
}

@misc{nod,
	title = "Node.js Introduction",
	note = {\textit{\url{https://www.w3schools.com/nodejs/nodejs_intro.asp}}, Abgerufen: 07.04.2021},
}

@misc{sio,
	title = "Socket.io Documentation",
	note = {\textit{\url{https://socket.io/docs/v4}}, Abgerufen: 08.04.2021},
}

@misc{rtcconnectivity,
	title = "WebRTC connectivity",
	note = {\textit{\url{https://developer.mozilla.org/en-US/docs/Web/API/WebRTC_API/Connectivity}}, Abgerufen: 16.05.2021},
}

@misc{rtcprotocols,
	title = "Introduction to WebRTC protocols",
	note = {\textit{\url{https://developer.mozilla.org/en-US/docs/Web/API/WebRTC_API/Protocols}}, Abgerufen: 16.05.2021},
}

@misc{rtctrickleice,
	title = "RTCPeerConnection.canTrickleIceCandidates",
	note = {\textit{\url{https://developer.mozilla.org/en-US/docs/Web/API/RTCPeerConnection/canTrickleIceCandidates}}, Abgerufen: 16.05.2021},
}

%%%%%%%%%%%%%%%%%%%%%%%%%%%
% WebRTC in Games Sources %
%%%%%%%%%%%%%%%%%%%%%%%%%%%
@misc{roll20,
	title = "Video and Voice Chat",
	year = "2020",
	month = "Mai",
	howpublished = {\url{https://help.roll20.net/hc/en-us/articles/360041544734-Video-and-Voice-Chat}},
	note = {Abgerufen: 16.05.2021},
}

@article{construct,
	title = "Multiplayer Game Design: Performance Enhancement
with Employment of Novel Technology",
   journal = "International Journal of Computer Applications",
   volume = "145",
   number = "1",   
   pages = "27--32",
   publisher = "Foundation of Computer Science",
   year = "2016",
   month = "Juli",
}

@misc{godot,
   title = "WebRTC",
   howpublished = "\url{https://docs.godotengine.org/en/stable/tutorials/networking/webrtc.html}",
   note = {Abgerufen: 15.05.2021},
}

@misc{unity,
   title = "Stream high-quality real-time graphics through your browser with our new WebRTC framework",
   author = "Santore, Laetitia",
   year = "2019",
   month = "September",
   howpublished = "\url{https://blogs.unity3d.com/2019/09/17/stream-high-quality-real-time-graphics-through-your-browser-with-our-new-webrtc-framework/}",
   note = {Abgerufen: 15.05.2021},
}





